@article{kuroda2020investor,
  title={Investor's Pessimistic and False Belief About Trustworthiness and Stake Size in Trust Decision},
  author={Kuroda, Kiri and Kamijo, Yoshio and Kameda, Tatsuya},
  journal={Japanese Psychological Research},
  year={2020},
  publisher={Wiley Online Library}
}