@article{kuroda2019you,
  title={You watch my back, I'll watch yours: Emergence of collective risk monitoring through tacit coordination in human social foraging},
  author={Kuroda, Kiri and Kameda, Tatsuya},
  journal={Evolution and Human Behavior},
  volume={40},
  number={5},
  pages={427--435},
  year={2019},
  publisher={Elsevier}
}