@article{bryant2018perception,
  title={The perception of spontaneous and volitional laughter across 21 societies},
  author={Bryant, Gregory A and Fessler, Daniel MT and Fusaroli, Riccardo and Clint, Edward and Amir, Dorsa and Ch{\'a}vez, Brenda and Denton, Kaleda K and D{\'\i}az, Cinthya and Duran, Lealaiauloto Togiaso and Fan{\'c}ovi{\'c}ov{\'a}, Jana and others},
  journal={Psychological science},
  volume={29},
  number={9},
  pages={1515--1525},
  year={2018},
  publisher={Sage Publications Sage CA: Los Angeles, CA}
}