@article{kuroda2020bilateral,
  title={Bilateral (but not unilateral) interaction creates and cements norms at the covert psychophysical level: A behavioral and an fMRI study},
  author={Kuroda, Kiri and Ogura, Yukiko and Ogawa, Akitoshi and Tamei, Tomoya and Ikeda, Kazushi and Kameda, Tatsuya},
  year={2020},
  publisher={PsyArXiv}
}